<record><leader>00000cas a2200000 a 4500</leader><controlfield tag="001">35127203</controlfield><controlfield tag="008">960723d19161955azuwr n       0    0eng d</controlfield><datafield ind1=" " ind2=" " tag="010"><subfield code="a">sn 96060812 </subfield></datafield><datafield ind1=" " ind2=" " tag="040"><subfield code="a">ANN</subfield><subfield code="b">eng</subfield><subfield code="c">ANN</subfield><subfield code="d">OCLCQ</subfield><subfield code="d">OCLCF</subfield><subfield code="d">OCLCO</subfield></datafield><datafield ind1="1" ind2=" " tag="029"><subfield code="a">AU@</subfield><subfield code="b">000012745873</subfield></datafield><datafield ind1=" " ind2=" " tag="042"><subfield code="a">msc</subfield></datafield><datafield ind1=" " ind2=" " tag="043"><subfield code="a">n-us-az</subfield></datafield><datafield ind1="0" ind2=" " tag="130"><subfield code="a">Messenger (Phoenix, Ariz.)</subfield></datafield><datafield ind1="1" ind2="4" tag="245"><subfield code="a">The Messenger.</subfield></datafield><datafield ind1=" " ind2=" " tag="260"><subfield code="a">Phoenix, Ariz. :</subfield><subfield code="b">A.S. Mills,</subfield><subfield code="c">1916-1955.</subfield></datafield><datafield ind1=" " ind2=" " tag="310"><subfield code="a">Weekly</subfield></datafield><datafield ind1="0" ind2=" " tag="362"><subfield code="a">Vol. 16, no. 3 (Apr. 22, 1916)-55th year, no. 25 (May 10, 1955).</subfield></datafield><datafield ind1=" " ind2=" " tag="500"><subfield code="a">Previously published by J.M. Melendrez as El Mensajero, 1900-1916.</subfield></datafield><datafield ind1=" " ind2="0" tag="651"><subfield code="a">Phoenix (Ariz.)</subfield><subfield code="v">Newspapers.</subfield></datafield><datafield ind1=" " ind2="0" tag="651"><subfield code="a">Maricopa County (Ariz.)</subfield><subfield code="v">Newspapers.</subfield></datafield><datafield ind1=" " ind2="7" tag="655"><subfield code="a">Newspapers.</subfield><subfield code="2">fast</subfield><subfield code="0">(OCoLC)fst01423814</subfield></datafield><datafield ind1=" " ind2="7" tag="651"><subfield code="a">Arizona</subfield><subfield code="z">Maricopa County.</subfield><subfield code="2">fast</subfield><subfield code="0">(OCoLC)fst01217111</subfield></datafield><datafield ind1=" " ind2="7" tag="651"><subfield code="a">Arizona</subfield><subfield code="z">Phoenix.</subfield><subfield code="2">fast</subfield><subfield code="0">(OCoLC)fst01213753</subfield></datafield><datafield ind1=" " ind2=" " tag="752"><subfield code="a">United States</subfield><subfield code="b">Arizona</subfield><subfield code="c">Maricopa</subfield><subfield code="d">Phoenix.</subfield></datafield><datafield ind1="0" ind2="0" tag="780"><subfield code="t">Mensajero (Phoenix, Ariz. : 1900)</subfield></datafield><datafield ind1="0" ind2="0" tag="785"><subfield code="t">Arizona legislative review [and] the messenger</subfield><subfield code="w">(DLC)sn 96060811</subfield></datafield></record>